<?xml version="1.0" encoding="UTF-8" ?>
<record Numero="13964053" format="InterXMarc_Complet" type="Authority">
<leader>00761c0 au22000272  45  <Pos Code="0004">00761</Pos>
<Pos Code="05" Sens="notice modifiée">c</Pos>
<Pos Code="06" Sens="notice validée par les services d&apos;autorité">0</Pos>
<Pos Code="08" Sens="notice d&apos;autorité">a</Pos>
<Pos Code="09" Sens="titre uniforme musical (TUM)">u</Pos>
<Pos Code="10">2</Pos>
<Pos Code="11">2</Pos>
<Pos Code="1216">00027</Pos>
<Pos Code="17" Sens="autres cas">2</Pos>
<Pos Code="20">4</Pos>
<Pos Code="21">5</Pos>
</leader>
<controlfield tag="001">FRBNF139640535<Pos Code="0001">FR</Pos>
<Pos Code="0204">BNF</Pos>
<Pos Code="0512">13964053</Pos>
<Pos Code="13">5</Pos>
</controlfield>
<controlfield tag="008">940509141218yyfre op        1706                             1   <Pos Code="0001">94</Pos>
<Pos Code="0203">05</Pos>
<Pos Code="0405">09</Pos>
<Pos Code="0607">14</Pos>
<Pos Code="0809">12</Pos>
<Pos Code="1011">18</Pos>
<Pos Code="1213" Sens="ne s&apos;applique pas">yy</Pos>
<Pos Code="1416" Sens="français">fre</Pos>
<Pos Code="1820" Sens="opéra [drame lyrique => opéra, melodramma => opéra]">op </Pos>
<Pos Code="2831">1706</Pos>
<Pos Code="61" Sens="La vedette peut être liée à une notice bibliographique sauf pour l&apos;accès matière RAMEAU">1</Pos>
</controlfield>
<datafield tag="048" ind1=" " ind2=" ">
	<subfield code="a">va01<Pos Code="0001" Sens="voix - soprano">va</Pos>
<Pos Code="02">0</Pos>
<Pos Code="03">1</Pos>
</subfield>
	<subfield code="a">vg01<Pos Code="0001" Sens="voix - haute-contre">vg</Pos>
<Pos Code="02">0</Pos>
<Pos Code="03">1</Pos>
</subfield>
	<subfield code="a">ve03<Pos Code="0001" Sens="voix - baryton">ve</Pos>
<Pos Code="02">0</Pos>
<Pos Code="03">3</Pos>
</subfield>
	<subfield code="a">cn01<Pos Code="0001" Sens="choeurs - non spécifié">cn</Pos>
<Pos Code="02">0</Pos>
<Pos Code="03">1</Pos>
</subfield>
	<subfield code="a">oa01<Pos Code="0001" Sens="orchestre - orchestre symphonique XIXe-XXe s.">oa</Pos>
<Pos Code="02">0</Pos>
<Pos Code="03">1</Pos>
</subfield>
	<subfield code="a">zb01<Pos Code="0001" Sens="basse continue - instruments non spécifiés">zb</Pos>
<Pos Code="02">0</Pos>
<Pos Code="03">1</Pos>
</subfield>
</datafield>
<datafield tag="100" ind1=" " ind2=" ">
	<subfield code="3">13897062</subfield>
	<subfield code="w"> 0  b     </subfield>
	<subfield code="a">Marais</subfield>
	<subfield code="m">Marin</subfield>
	<subfield code="d">1656-1728</subfield>
</datafield>
<datafield tag="144" ind1="1" ind2=" ">
	<subfield code="w">....b.....</subfield>
	<subfield code="a">Alcyone</subfield>
</datafield>
<datafield tag="302" ind1=" " ind2=" ">
	<subfield code="3">14841195</subfield>
	<subfield code="a">Marais</subfield>
	<subfield code="m">Marin</subfield>
	<subfield code="d">1656-1728</subfield>
	<subfield code="t">[Alcyone. Tempête]</subfield>
</datafield>
<datafield tag="322" ind1="6" ind2=" ">
	<subfield code="3">11999452</subfield>
	<subfield code="9">100</subfield>
	<subfield code="w">.0..b.....</subfield>
	<subfield code="a">La Motte</subfield>
	<subfield code="m">Antoine Houdar de</subfield>
	<subfield code="d">1672-1731</subfield>
</datafield>
<datafield tag="444" ind1="1" ind2=" ">
	<subfield code="w">....b.....</subfield>
	<subfield code="a">Alcione</subfield>
</datafield>
<datafield tag="600" ind1=" " ind2=" ">
	<subfield code="a">Tragédie en musique en 1 prologue et 5 actes</subfield>
	<subfield code="a">Livret de Antoine Houdar de Lamotte d&apos;après Ovide</subfield>
	<subfield code="a">1re représentation : Paris, Académie royale de musique, 18 février 1706</subfield>
</datafield>
<datafield tag="608" ind1=" " ind2=" ">
	<subfield code="b">Alcyone (soprano)</subfield>
	<subfield code="b">Ceyx (haute-contre)</subfield>
	<subfield code="b">Pélée, Phorbas, Neptune (barytons)...</subfield>
</datafield>
<datafield tag="610" ind1=" " ind2=" ">
	<subfield code="a">Grove opera</subfield>
</datafield>
<datafield tag="917" ind1=" " ind2=" ">
	<subfield code="o">OPC</subfield>
	<subfield code="a">100952530</subfield>
</datafield>
<datafield tag="917" ind1=" " ind2=" ">
	<subfield code="o">OPD</subfield>
	<subfield code="a">100463780</subfield>
	<subfield code="b">ATUM</subfield>
</datafield>
<datafield tag="996" ind1=" " ind2=" ">
	<subfield code="o">OPP</subfield>
	<subfield code="a">14819868</subfield>
	<subfield code="d">20141218</subfield>
</datafield>
<Alter Ori="13897062">
<datafield tag="031" ind1=" " ind2=" ">
	<subfield code="a">0000000110648845</subfield>
	<subfield code="2" Sens="ISNI chargé à partir de VIAF">VIAF</subfield>
	<subfield code="d">20130731<Pos Code="0003">2013</Pos>
<Pos Code="0407" Sens="31 juillet">0731</Pos>
</subfield>
</datafield>
</Alter>
<Attr Nom="IDPerenne">ark:/12148/cb13964053x</Attr>
<Attr Nom="NumSource">OPC 100952530</Attr>
<Attr Nom="Source" Sens="BnF catalogue général (depuis 1999)">A</Attr>
<Attr Nom="NumAutoriteLiee">1389706211999452</Attr>
<Attr Nom="DateCreation">09/05/ 1994</Attr>
<Attr Nom="ResponsableCreation">MIGV2</Attr>
<Attr Nom="StructCreation">1</Attr>
<Attr Nom="DateDerniereValidation">18/12/ 2014</Attr>
<Attr Nom="ResponsableDerniereValidation">SERRES CATHERINE</Attr>
<Attr Nom="StructPremiereValidation">1</Attr>
<Attr Nom="DatePremiereValidation">09/05/ 1994</Attr>
<Attr Nom="ResponsablePremiereValidation">MIGV2</Attr>
<Attr Nom="StructDerniereValidation">82</Attr>
<Attr Nom="NumSource" Rep="1">OPD 100463780</Attr>
<Attr Nom="NumSource" Rep="2">OPP 14819868</Attr>
</record>
